<?xml version="1.0" encoding="UTF-8"?><record xmlns="http://www.loc.gov/MARC21/slim" xmlns:cinclude="http://apache.org/cocoon/include/1.0" xmlns:zs="http://www.loc.gov/zing/srw/">
  <leader>00435nz  a2200133n  4500</leader>
  <controlfield tag="001">no2010058302</controlfield>
  <controlfield tag="003">DLC</controlfield>
  <controlfield tag="005">20100410075311.0</controlfield>
  <controlfield tag="008">100408n| acannaabn          |n aaa     c</controlfield>
  <datafield tag="010" ind1=" " ind2=" ">
    <subfield code="a">no2010058302</subfield>
  </datafield>
  <datafield tag="035" ind1=" " ind2=" ">
    <subfield code="a">(OCoLC)oca08452886</subfield>
  </datafield>
  <datafield tag="040" ind1=" " ind2=" ">
    <subfield code="a">UPB</subfield>
    <subfield code="b">eng</subfield>
    <subfield code="c">UPB</subfield>
  </datafield>
  <datafield tag="100" ind1="1" ind2=" ">
    <subfield code="a">Jiesheng, Tan</subfield>
  </datafield>
  <datafield tag="670" ind1=" " ind2=" ">
    <subfield code="a">Soil erosion and conservation in the Wuding River Valley, 1980:</subfield>
    <subfield code="b">t.p. (Tan Jiesheng) p. 1 (Yellow River Conservancy Commission, Zhengzhou, China)</subfield>
  </datafield>
</record>